<?xml version="1.0" encoding="UTF-8" ?>
<collection xmlns:xsi="http://www.w3.org/2001/XMLSchema-instance"
    xsi:schemaLocation="http://www.loc.gov/MARC21/slim
        http://www.loc.gov/standards/marcxml/schema/MARC21slim.xsd"
    xmlns="http://www.loc.gov/MARC21/slim">
<record>
  <leader>00237cam a2200445 ia4500</leader>
  <controlfield tag="001">b12335265</controlfield>
  <controlfield tag="003">LeBAU</controlfield>
  <controlfield tag="005">20140219</controlfield>
  <controlfield tag="008">970203s1932    le            ||0 0 ara d</controlfield>
  <datafield tag="035" ind1=" " ind2=" ">
    <subfield code="a">ocn784210402</subfield>
  </datafield>
  <datafield tag="040" ind1=" " ind2=" ">
    <subfield code="a">LEAUB</subfield>
    <subfield code="b">ara</subfield>
    <subfield code="e">rda</subfield>
    <subfield code="c">LEAUB</subfield>
    <subfield code="d">LEAUB</subfield>
  </datafield>
  <datafield tag="082" ind1="0" ind2="4">
    <subfield code="a">297.08</subfield>
    <subfield code="2">20</subfield>
  </datafield>
  <datafield tag="100" ind1="1" ind2=" ">
    <subfield code="6">880-01</subfield>
    <subfield code="a">ʻAjlūnī, Ismāʻīl ibn Muḥammad,</subfield>
    <subfield code="d">1676 or 1677-1748 or 1749,</subfield>
    <subfield code="e">author.</subfield>
  </datafield>
  <datafield tag="245" ind1="1" ind2="0">
    <subfield code="6">880-02</subfield>
    <subfield code="a">Kashf al-khafāʼ wa-muzīl al-ilbās ʻammā ishtahara min al-aḥādīth ʻalá alsinat al-nās /</subfield>
    <subfield code="c">lil-mufassir al-muḥaddith al-Shaykh Ismāʻīl ibn Muḥammad al-ʻAjlūnī al-Jarrāḥī al-mutawaffá sanat 1162 H.</subfield>
  </datafield>
  <datafield tag="250" ind1=" " ind2=" ">
    <subfield code="6">880-03</subfield>
    <subfield code="a">al-Ṭab‘ah al-thānīyah.</subfield>
  </datafield>
  <datafield tag="264" ind1=" " ind2="1">
    <subfield code="6">880-04</subfield>
    <subfield code="a">Bayrūt :</subfield>
    <subfield code="b">Dār Iḥyāʼ al-Turāth al-ʻArabī,</subfield>
    <subfield code="c">1351-1352 H., [1932-1933? M.]</subfield>
  </datafield>
  <datafield tag="300" ind1=" " ind2=" ">
    <subfield code="6">880-05</subfield>
    <subfield code="a">2 volumes ;</subfield>
    <subfield code="c">24 cm</subfield>
  </datafield>
  <datafield tag="336" ind1=" " ind2=" ">
    <subfield code="a">text</subfield>
    <subfield code="b">txt</subfield>
    <subfield code="2">rdacontent</subfield>
  </datafield>
  <datafield tag="337" ind1=" " ind2=" ">
    <subfield code="a">unmediated</subfield>
    <subfield code="b">n</subfield>
    <subfield code="2">rdamedia</subfield>
  </datafield>
  <datafield tag="338" ind1=" " ind2=" ">
    <subfield code="a">volume</subfield>
    <subfield code="b">nc</subfield>
    <subfield code="2">rdacarrier</subfield>
  </datafield>
  <datafield tag="500" ind1=" " ind2=" ">
    <subfield code="a">"عن نسخة كتبت برسم فخر الأشراف السيد سعيد بن الحافظ الشيخ أحمد الحلبي العطار، مع المقابلة بنسخة خزانة آل العطار بدمشق ومعارضة الملتبس منهما بنسخة دار الكتب المصرية وغيرها"--صفحة العنوان.</subfield>
  </datafield>
  <datafield tag="520" ind1="3" ind2=" ">
    <subfield code="a">هذا كتاب جمع فيه مصنفه زهاء ثلاثة آلاف ومائتي حديث مما اشتهر على ألسنة الناس، فأوضح طيبها وخبيثها بعرضها على ميزان الجرح والتعديل، وصوب ما لحقها من تحريف وزيادة أو نقصان، ودل على ما كان منها من قبيل الحكم المأثورة، وسرد ما يقارب معنى بعضها من السنن، وشرح معاني الآثار، ببسط قد لا يوجد بعضه مجموعا في غيره، واعتمد في تصنيفه على أوثق ما كتب في هذا الباب وهو «المقاصد الحسنة» للسخاوي، واستدرك عليه مما في مؤلفات الثقات كابن حجر والسيوطي والنجم الغزى وابن الجوزي والصغاني وملا على القاري، ووضع للكتاب خاتمة أبطل فيها نسبة بعض مصنفات اشتهرت بنسبتها لأناس كذبًا، وانتهى إلى ذكر ضوابط جامعة في الموضوعات.</subfield>
  </datafield>
  <datafield tag="588" ind1=" " ind2=" ">
    <subfield code="a"> مستخلص كتاب  كشف الخفاء ومزيل الإلباس عما اشتهر من الأحاديث على ألسنة الناس  أخذ من موقع نداء الايمان : http://www.al-eman.com/ (تاريخ زيارة الموقع: 03/10/2016)</subfield>
  </datafield>
  <datafield tag="650" ind1=" " ind2="4">
    <subfield code="a">الحديث</subfield>
    <subfield code="x">الجرح والتعديل.</subfield>
  </datafield>
  <datafield tag="650" ind1=" " ind2="4">
    <subfield code="a">الحديث</subfield>
    <subfield code="x">إسناد.</subfield>
  </datafield>
  <datafield tag="650" ind1=" " ind2="0">
    <subfield code="a">Hadith</subfield>
    <subfield code="x">Jarh and Ta'dil.</subfield>
  </datafield>
  <datafield tag="650" ind1=" " ind2="0">
    <subfield code="a">Hadith</subfield>
    <subfield code="x">Evidences, authority, etc..</subfield>
  </datafield>
  <datafield tag="700" ind1="1" ind2="2">
    <subfield code="6">880-06</subfield>
    <subfield code="a">Sakhāwī, Muḥammad ibn ʻAbd al-Raḥmān,</subfield>
    <subfield code="d">1427 or 1428-1497.</subfield>
    <subfield code="t">Maqāṣīd al-ḥasanah.</subfield>
  </datafield>
  <datafield tag="852" ind1=" " ind2=" ">
    <subfield code="a">Jafet Library</subfield>
    <subfield code="e">American University of Beirut, Bliss Street , Beirut, Lebanon.</subfield>
  </datafield>
  <datafield tag="880" ind1="1" ind2=" ">
    <subfield code="6">100-01/(3/r</subfield>
    <subfield code="a">العجلوني، اسماعيل بن محمد،</subfield>
    <subfield code="d">1676 او 1677-1748 او 1749،</subfield>
    <subfield code="e">مؤلف. </subfield>
    <subfield code="4">aut.</subfield>
  </datafield>
  <datafield tag="880" ind1="1" ind2="0">
    <subfield code="6">245-02/(3/r</subfield>
    <subfield code="a">كشف الخفاء ومزيل الإلباس عما إشتهر من الأحاديث على ألسنة الناس /</subfield>
    <subfield code="c">للمفسر المحدث الشيخ إسماعيل بن محمد العجلوني الجراحي المتوفى سنة 1162 هـ.</subfield>
  </datafield>
  <datafield tag="880" ind1=" " ind2=" ">
    <subfield code="6">250-03/(3/r</subfield>
    <subfield code="a">الطبعة الثانية.</subfield>
  </datafield>
  <datafield tag="880" ind1=" " ind2="1">
    <subfield code="6">264-04/(3/r</subfield>
    <subfield code="a">بيروت :</subfield>
    <subfield code="b">دار إحياء التراث العربي،</subfield>
    <subfield code="c">1351-1352 هـ.، [1932-1933؟ م.]</subfield>
  </datafield>
  <datafield tag="880" ind1=" " ind2=" ">
    <subfield code="6">300-05/(3/r</subfield>
    <subfield code="a">2 جزء ؛</subfield>
    <subfield code="c">24 سم</subfield>
  </datafield>
  <datafield tag="880" ind1="1" ind2="2">
    <subfield code="6">700-06/(3/r</subfield>
    <subfield code="a">السخاوي، محمد بن عبد الرحمن،</subfield>
    <subfield code="d">1427 او 1428-1497.</subfield>
    <subfield code="t">المقاصد الحسنة.</subfield>
  </datafield>
  <datafield tag="907" ind1=" " ind2=" ">
    <subfield code="a">.b12335265</subfield>
    <subfield code="b">16-12-12</subfield>
    <subfield code="c">11-05-24</subfield>
  </datafield>
  <datafield tag="907" ind1=" " ind2=" ">
    <subfield code="a">.b12335265</subfield>
    <subfield code="b">15-10-15</subfield>
    <subfield code="c">11-05-24</subfield>
  </datafield>
  <datafield tag="945" ind1=" " ind2=" ">
    <subfield code="f">J</subfield>
    <subfield code="a">297.08:A312kaA:v.1</subfield>
    <subfield code="g">1</subfield>
    <subfield code="i">00500626</subfield>
    <subfield code="j">.i12768893</subfield>
    <subfield code="l">u0503</subfield>
  </datafield>
  <datafield tag="945" ind1=" " ind2=" ">
    <subfield code="f">J</subfield>
    <subfield code="a">297.08:A312kaA:v.2</subfield>
    <subfield code="g">1</subfield>
    <subfield code="i">00500627</subfield>
    <subfield code="j">.i20116962</subfield>
    <subfield code="l">u0503</subfield>
  </datafield>
  <datafield tag="998" ind1=" " ind2=" ">
    <subfield code="a">u05</subfield>
    <subfield code="b">97-02-03</subfield>
    <subfield code="c">m</subfield>
    <subfield code="d">a</subfield>
    <subfield code="e">-</subfield>
    <subfield code="f">ara</subfield>
    <subfield code="g">le </subfield>
    <subfield code="h">0</subfield>
    <subfield code="i">1</subfield>
  </datafield>
</record>
</collection>
